% Encoding: UTF-8

@Article{kushnir2010young,
  author    = {Kushnir, Tamar and Xu, Fei and Wellman, Henry M},
  title     = {Young children use statistical sampling to infer the preferences of other people},
  journal   = {Psychological science},
  year      = {2010},
  volume    = {21},
  number    = {8},
  pages     = {1134--1140},
  publisher = {Sage Publications Sage CA: Los Angeles, CA},
}

@Manual{R-psych,
  title        = {psych: Procedures for Psychological, Psychometric, and Personality Research},
  author       = {William Revelle},
  organization = {Northwestern University},
  address      = {Evanston, Illinois},
  year         = {2018},
  note         = {R package version 1.8.4},
  url          = {https://CRAN.R-project.org/package=psych},
}

@Manual{R-tibble,
  title  = {tibble: Simple Data Frames},
  author = {Kirill Müller and Hadley Wickham},
  year   = {2018},
  note   = {R package version 1.4.2},
  url    = {https://CRAN.R-project.org/package=tibble},
}

@Manual{R-readr,
  title  = {readr: Read Rectangular Text Data},
  author = {Hadley Wickham and Jim Hester and Romain Francois},
  year   = {2017},
  note   = {R package version 1.1.1},
  url    = {https://CRAN.R-project.org/package=readr},
}

@Manual{R-tidyr,
  title  = {tidyr: Easily Tidy Data with 'spread()' and 'gather()' Functions},
  author = {Hadley Wickham and Lionel Henry},
  year   = {2017},
  note   = {R package version 0.7.2},
  url    = {https://CRAN.R-project.org/package=tidyr},
}

@Manual{R-dplyr,
  title  = {dplyr: A Grammar of Data Manipulation},
  author = {Hadley Wickham and Romain Francois and Lionel Henry and Kirill Müller},
  year   = {2017},
  note   = {R package version 0.7.4},
  url    = {https://CRAN.R-project.org/package=dplyr},
}

@Manual{R-tidyverse,
  title  = {tidyverse: Easily Install and Load the 'Tidyverse'},
  author = {Hadley Wickham},
  year   = {2017},
  note   = {R package version 1.2.1},
  url    = {https://CRAN.R-project.org/package=tidyverse},
}

@Manual{R-stringr,
  title  = {stringr: Simple, Consistent Wrappers for Common String Operations},
  author = {Hadley Wickham},
  year   = {2017},
  note   = {R package version 1.2.0},
  url    = {https://CRAN.R-project.org/package=stringr},
}

@Manual{R-forcats,
  title  = {forcats: Tools for Working with Categorical Variables (Factors)},
  author = {Hadley Wickham},
  year   = {2017},
  note   = {R package version 0.2.0},
  url    = {https://CRAN.R-project.org/package=forcats},
}

@Manual{R-base,
  title        = {R: A Language and Environment for Statistical Computing},
  author       = {{R Core Team}},
  organization = {R Foundation for Statistical Computing},
  address      = {Vienna, Austria},
  year         = {2017},
  url          = {https://www.R-project.org/},
}

@Manual{R-bindrcpp,
  title  = {bindrcpp: An 'Rcpp' Interface to Active Bindings},
  author = {Kirill Müller},
  year   = {2017},
  note   = {R package version 0.2},
  url    = {https://CRAN.R-project.org/package=bindrcpp},
}

@Article{R-lmerTest,
  author  = {Alexandra Kuznetsova and Per B. Brockhoff and Rune H. B. Christensen},
  title   = {{lmerTest} Package: Tests in Linear Mixed Effects Models},
  journal = {Journal of Statistical Software},
  year    = {2017},
  volume  = {82},
  number  = {13},
  pages   = {1--26},
  doi     = {10.18637/jss.v082.i13},
}

@Manual{R-purrr,
  title  = {purrr: Functional Programming Tools},
  author = {Lionel Henry and Hadley Wickham},
  year   = {2017},
  note   = {R package version 0.2.4},
  url    = {https://CRAN.R-project.org/package=purrr},
}

@Manual{R-Matrix,
  title  = {Matrix: Sparse and Dense Matrix Classes and Methods},
  author = {Douglas Bates and Martin Maechler},
  year   = {2017},
  note   = {R package version 1.2-12},
  url    = {https://CRAN.R-project.org/package=Matrix},
}

@Manual{R-papaja,
  title  = {{papaja}: {Create} {APA} manuscripts with {R Markdown}},
  author = {Frederik Aust and Marius Barth},
  year   = {2017},
  note   = {R package version 0.1.0.9655},
  url    = {https://github.com/crsh/papaja},
}

@Book{R-ggplot2,
  title     = {ggplot2: Elegant Graphics for Data Analysis},
  publisher = {Springer-Verlag New York},
  year      = {2016},
  author    = {Hadley Wickham},
  isbn      = {978-3-319-24277-4},
  url       = {http://ggplot2.org},
}

@Article{R-lme4,
  author  = {Douglas Bates and Martin M{\"a}chler and Ben Bolker and Steve Walker},
  title   = {Fitting Linear Mixed-Effects Models Using {lme4}},
  journal = {Journal of Statistical Software},
  year    = {2015},
  volume  = {67},
  number  = {1},
  pages   = {1--48},
  doi     = {10.18637/jss.v067.i01},
}

@Manual{R-magrittr,
  title  = {magrittr: A Forward-Pipe Operator for R},
  author = {Stefan Milton Bache and Hadley Wickham},
  year   = {2014},
  note   = {R package version 1.5},
  url    = {https://CRAN.R-project.org/package=magrittr},
}

@Manual{R-langcog,
  title  = {langcog: Language and Cognition Lab Things},
  author = {Mika Braginsky and Dan Yurovsky and Michael Frank},
  note   = {R package version 0.1.9001},
  url    = {http://github.com/langcog/langcog},
}

@Article{destan2014early,
  author    = {Destan, Nesrin and Hembacher, Emily and Ghetti, Simona and Roebers, Claudia M},
  title     = {Early metacognitive abilities: The interplay of monitoring and control processes in 5-to 7-year-old children},
  journal   = {Journal of experimental child psychology},
  year      = {2014},
  volume    = {126},
  pages     = {213--228},
  publisher = {Elsevier},
}

@Article{hembacher2014don,
  author    = {Hembacher, Emily and Ghetti, Simona},
  title     = {Don’t look at my answer: Subjective uncertainty underlies preschoolers’ exclusion of their least accurate memories},
  journal   = {Psychological Science},
  year      = {2014},
  volume    = {25},
  number    = {9},
  pages     = {1768--1776},
  publisher = {Sage Publications Sage CA: Los Angeles, CA},
}

@Comment{jabref-meta: databaseType:bibtex;}
